
@manual{AL-1451-7452,
       author = {Jeong Han Lee and Tyna Ford},
       title  = {AL-1451-7452 : IOC Name Naming Convention at ALS},
       year   = {June, 2021},
       note   = {\href{https://pdmlink.lbl.gov/Windchill/servlet/AttachmentsDownloadDirectionServlet?oid=OR:wt.doc.WTDocument:1245823147&oid=OR:wt.content.ApplicationData:1246630457&role=PRIMAR}{ALS-U Document AL-1451-7452}}
}

@manual{AL-1453-7006,
       author = {Jeong Han Lee},
       title  = {AL-1453-7006 : EPICS IOC Deployment Guide},
       year   = {June, 2021},
       note   = {\href{https://pdmlink.lbl.gov/Windchill/app/#ptc1/tcomp/infoPage?oid=OR%3Awt.doc.WTDocument%3A1309200420&u8=}{ALS-U Document AL-1453-7006}}
}

@manual{ALS-CI,
    author = {Jeong Han Lee},
    title = {ALS GitLab CI Templates},
    note = {\href{https://git.als.lbl.gov/accelerator-controls/environment/ci}{https://git.als.lbl.gov/accelerator-controls/environment/ci}},
    year = {2021 (accessed June 29, 2021)}
}
